@book{economic_system,
	title={Алгоритмическое моделирование элементов экономических систем},
	author={Варфоломеев{ }В.И.},
    publisher={Финансы и статистика},
    year={2000},
    address={Москва},
    chapter={1},
}

@book{imitation_modelling,
	title={Имитационное моделирование. Классика CS.},
	edition={3},
	author={Кельтон{ }В.Д. and Лоу{ }А.М.},
    publisher={Питер, Издательская группа BHV},
    year={2004},
    address={СПб},
    chapter={1},
}

@book{computer_modelling,
	title={Компьютерное моделирование},
	author={Градов{ }В.М. and Овечкин{ }Г.В. and Рудаков{ }И.В.},
    publisher={Научно-издательский центр ИНФРА-М},
    year={2016},
    address={Москва},
    chapter={1},
}

@book{system_modelling,
	title={Технология системного моделирования},
	author={Аврамчук{ }Е.Ф. and Вавилов{ }А.А. and  Емельянов{ }С.В.},
    publisher={Машиностроение},
    year={1988},
    address={Берлин},
    chapter={9},
}

@article{system_modelling_eng,
  title={An adaptive time advancement algorithm for discrete simulation
 },
  author={Avor{ }J.},
  journal={Information processing letters},
  volume={6},
  number={6},
  pages={83--86},
  year={1977},  
}

@article{modelling_time_simulation,
  title={Представление времени в имитационном моделировании},
  author={Окольнишников{ }В.В.},
  journal={Вычислительные технологии},
  volume={10},
  number={5},
  pages={57--80},
  year={2005},  
}

@misc{delta,
	title="Лекция 4: Статистическое моделирование. Способы продвижения модельного времени [Электронный ресурс]",
	howpublished="Режим доступа: \url{https://intuit.ru/studies/courses/643/499/lecture/11355?page=7} (дата обращения: 15.12.2022)"
}

@book{imitation_modelling_def,
	title={Имитационное моделирование},
	author={Вьюненко{ }Л.Ф. and Михайлов{ }М.В. and Первозванская{}Т.Н.},
    publisher={Юрайт},
    year={2017},
    address={Москва},
    chapter={8},
}

