@article{economic_system,
	title={Алгоритмическое моделирование элементов экономических систем},
	author={Варфоломеев{ }В.И.},
    journal={Финансы и статистика},
    year={2000},
    address={Москва},
}
@article{imitation_modelling,
	title={Имитационное моделирование. Классика CS.},
	edition={3},
	author={Кельтон{ }В.Д. and Лоу{ }А.М.},
    journal={Питер, Издательская группа BHV},
    year={2004},
    address={СПб},
}

@article{gpss,
	title={Имитационное моделирование средствами },
	author={Томашевский{ }В.Н. and Жданова{ }Е.Г.},
	journal={Питер, Издательская группа BHV},
	year={1998},
	address={Киев},
}

@article{mass_service_systems,
	title={Системы и сети массового обслуживания},
	author={Романенко{ }В.А.},
	journal={Издательство Самарского университета},
	year={2021},
	address={Самара},
}

@article{system_modelling,
	title={Технология системного моделирования},
	author={Аврамчук{ }Е.Ф. and Вавилов{ }А.А. and  Емельянов{ }С.В.},
    journal={Машиностроение},
    year={1988},
    address={Берлин},
}

@article{system_modelling_eng,
  title={An adaptive time advancement algorithm for discrete simulation
 },
  author={Avor{ }J.},
  journal={Information processing letters},
  volume={6},
  number={6},
  pages={83--86},
  year={1977},  
}

@article{imitation_modelling_def,
	title={Имитационное моделирование},
	author={Вьюненко{ }Л.Ф. and Михайлов{ }М.В. and Первозванская{ }Т.Н.},
    journal={Юрайт},
    year={2017},
    address={Москва},
}

@article{priority_queue_complexity,
	title={Introduction to algorithms},
	author={Cormen{ }T.},
	journal={The MIT Press},
	year={2001},
	address={London, England},
}

@article{priority_queue_implementation,
	title={Algorithms},
	author={Sedgewick{ }R. and Wayne{ }K.},
	journal={Addison-Wesley Professional},
	year={2011},
	address={ Westford, Massachusetts},
}

@misc{mos_ru,
	title="<<Мои документы>> обновили графики загруженности всех центров госуслуг столицы [Электронный ресурс]",
	howpublished="Режим доступа: \url{https://www.mos.ru/news/item/30714073/} (дата обращения: 15.05.2023)"
}

@misc{mosreg_ru,
	title="Новый МФЦ открыт в Балашихе [Электронный ресурс]",
	howpublished="Режим доступа: \url{https://mits.mosreg.ru/sobytiya/novosti-ministerstva/28-03-2022-14-47-46-novyy-mfts-otkryt-v-balashikhe} (дата обращения: 15.05.2023)"
}
